%!TEX root = index.tex
@book{leanstartup,
  author    = {Eric Ries}, 
  title     = {A Startup Enxuta},
  publisher = {Leya},
  year      = 2011
}

@book{startupowners,
  author    = {Steven Blank and Bob Dorf}, 
  title     = {The Startup Owners's Manual},
  publisher = {K\&S Ranch, Inc},
  year      = 2012
}

@book{businessmodel,
  author    = {Alexander Osterwalder and Yves Pigneur}, 
  title     = {Business Model Generation. Inovação Em Modelos De Negócios},
  publisher = {Alta Books},
  year      = 2010
}

@book{thenewnewthing,
  author     = {Michael Lewis},
  title    = {The New New Thing: A Silicon Valley Story}, 
  publisher = {W. W. Norton \& Company},
  year      = 2014
}

@article{thetheoryofbusiness,
  author  = {Peter Drucker}, 
  title   = {The Theory of the Business},
  journal = {Harvard Business Review},
  pages   = {95-106},
  year    = 1994,
  month   = {Setembro}
}

@article{whybusinessmodelsmatter,
  author  = {Joan Magretta}, 
  title   = {Why Business Models Matter?},
  journal = {Harvard Business Review},
  pages   = {86-92},
  year    = 2002,
  month   = {Maio}
}

@article{blank2011embrace,
  title={Embrace failure to start up success.},
  author={Blank, Steve},
  journal={Nature},
  volume={477},
  number={7363},
  pages={133--133},
  year={2011}
}

@book{blank2013four,
  title={The four steps to the epiphany},
  author={Blank, Steve},
  year={2013},
  publisher={K\&S Ranch Pescadero}
}

@article{porter2008five,
  title={The five competitive forces that shape strategy.},
  author={Porter, Michael E},
  year={2008},
  publisher={Harvard Business School Publishing}
}

@article{kim2004blue,
  title={Blue ocean strategy},
  author={Kim, W Chan and Mauborgne, Ren{\'e}e},
  journal={Harvard business review},
  year={2004}
}

@article{blank2013lean,
  title={Why the lean start-up changes everything},
  author={Blank, Steve},
  journal={Harvard business review},
  volume={91},
  number={5},
  pages={63--72},
  year={2013}
}

@MISC{whatisbusinessmodel,
   author =       {Andrea Ovans},
   title =        {What Is a Business Model?},
   editor =       {Harvard Business Review},
   month =        {Janeiro},
   year =         {2015},
   url = {https://hbr.org/2015/01/what-is-a-business-model},
   note =         {[Online; acesso em: 19-Setembro-2016]},
 }
 
 @book{valueproposition,
  author    = {Alexander Osterwalder and Yves Pigneur and Greg Bernarda and Alan Smith}, 
  title     = {Value Proposition Design - Como Construir Propostas de Valor Inovadoras},
  publisher = {HSM Editora},
  year      = 2014
}

@misc{mcclure2007startup,
  title={Startup metrics for pirates},
  author={McClure, Dave},
  year={2007},
  publisher={Saatavilla}
}